ST*835*112233~
BPR*I*945*C*ACH*CCP*01*888999777*DA*24681012
*1935665544**01*111333555*DA*144444*19960316~
TRN*1*71700666555*1935665544~
DTM*405*19960314~
N1*PR*RUSHMORE LIFE~
N3*10 SOUTH AVENUE~
N4*RAPID CITY*SD*55111~
N1*PE*ACME MEDICAL CENTER*FI*777667755~
LX*1~
CLP*5554555444*1*800*450*300*12*94060555410000~
CAS*CO*A2*50~
NM1*QC*1*BUDD*WILLIAM****MI*33344555510~
SVC*HC:99211*800*500~
DTM*150*19960301~
DTM*151*19960304~
CAS*PR*1*300~
CLP*8765432112*1*1200*495*600*12*9407779923000~
CAS*CO*A2*55~
NM1*QC*1*SETTLE*SUSAN****MI*44455666610~
SVC*HC:93555*1200*550~
DTM*150*19960310~
DTM*151*19960312~
CAS*PR*1*600~
CAS*CO*45*50~
SE*25*112233~
