ST*835*1234~
BPR*C*150000*C*ACH*CTX*01*999999992*DA*123456*1512345678**01*999988880*DA*98765*19960913~
TRN*1*12345*1512345678~
DTM*405*19960916~
N1*PR*INSURANCE COMPANY OF TIMBUCKTU~
N3*1 MAIN STREET~
N4*TIMBUCKTU*AK*89111~
REF*2U*999~
N1*PE*CYBIL MENTAL HOSPITAL*XX*6543210903~
LX*961211~
TS3*6543210903*11*19961231*1*211366.97*138018.4***138018.4**73348.57~
TS2*2178.45*1919.71**56.82*197.69*4.23~
CLP*666123*1*211366.97*138018.4**MA*1999999444444*11*1~
CAS*CO*A2*73348.57~
NM1*QC*1*SHEPARD*SAM*O***HN*666666666A~
MIA*0***138018.4~
DTM*232*19960816~
DTM*233*19960824~
QTY*CA*8~
LX*961213~
TS3*6543210909*13*19961231*1*15000*15000***11980.33**3019.67~
CLP*777777*1*15000*11980.33**MB*1999999444445*13*1~
CAS*CO*A2*3019.67~
NM1*QC*1*BORDEN*LIZ*E***HN*996669999B~
MOA***MA02~
DTM*232*19960512~
PLB*6543210903*19961231*CV:CP*-1.27~
SE*28*1234~
